<record><leader>00000cas a2200000 a 4500</leader><controlfield tag="001">11767948</controlfield><controlfield tag="008">850306d18821972ksuwr ne      0   a0eng d</controlfield><datafield ind1=" " ind2=" " tag="010"><subfield code="a">sn 85029155 </subfield></datafield><datafield ind1=" " ind2=" " tag="040"><subfield code="a">KSH</subfield><subfield code="b">eng</subfield><subfield code="c">KSH</subfield><subfield code="d">NPT</subfield><subfield code="d">OCL</subfield><subfield code="d">OCLCQ</subfield></datafield><datafield ind1=" " ind2=" " tag="042"><subfield code="a">msc</subfield></datafield><datafield ind1="0" ind2="0" tag="245"><subfield code="a">Burr Oak herald.</subfield></datafield><datafield ind1=" " ind2=" " tag="260"><subfield code="a">Burr Oak, Kan. :</subfield><subfield code="b">J.K. McLain,</subfield><subfield code="c">-1972.</subfield></datafield><datafield ind1=" " ind2=" " tag="300"><subfield code="a">v. :</subfield><subfield code="b">ill. ;</subfield><subfield code="c">42-65 cm.</subfield></datafield><datafield ind1=" " ind2=" " tag="310"><subfield code="a">Weekly</subfield></datafield><datafield ind1="0" ind2=" " tag="362"><subfield code="a">-v. 91, no. 26 (June 29, 1972).</subfield></datafield><datafield ind1="1" ind2=" " tag="362"><subfield code="a">Began in 1882.</subfield><subfield code="z">Cf. Ayer, 1883.</subfield></datafield><datafield ind1=" " ind2=" " tag="500"><subfield code="a">Includes section called: "B.O.H.S. peace pipe," Sept. 17, 1936-May 6, 1943; "Tomahawk, " Oct. 7, 1943-Feb. 1, 1945.</subfield></datafield><datafield ind1=" " ind2=" " tag="500"><subfield code="a">Publisher varies.</subfield></datafield><datafield ind1=" " ind2=" " tag="500"><subfield code="a">"Republican," May 24, 1883-</subfield></datafield><datafield ind1=" " ind2=" " tag="515"><subfield code="a">Vol. numbering is irregular: vols. 16-17 not published.</subfield></datafield><datafield ind1=" " ind2=" " tag="525"><subfield code="a">Includes supplements.</subfield></datafield><datafield ind1=" " ind2=" " tag="588"><subfield code="a">Description based on: Vol. 1, no. 25 (Jan. 25, 1883).</subfield></datafield><datafield ind1=" " ind2=" " tag="752"><subfield code="a">United States</subfield><subfield code="b">Kansas</subfield><subfield code="c">Jewell</subfield><subfield code="d">Burr Oak.</subfield></datafield><datafield ind1="0" ind2="5" tag="780"><subfield code="t">Burr Oak reveille</subfield><subfield code="g">Aug. 28, 1884</subfield><subfield code="w">(DLC)sn 85029150</subfield></datafield><datafield ind1="0" ind2="4" tag="785"><subfield code="t">Jewell County record (Mankato, Kan.)</subfield><subfield code="w">(DLC)sn 85029146</subfield></datafield><datafield ind1="1" ind2=" " tag="029"><subfield code="a">AU@</subfield><subfield code="b">000020352366</subfield></datafield></record>